<?xml version="1.0" encoding="UTF-8"?><record xmlns="http://www.loc.gov/MARC21/slim" xmlns:cinclude="http://apache.org/cocoon/include/1.0" xmlns:zs="http://www.loc.gov/zing/srw/">
  <leader>00659cz  a2200169n  4500</leader>
  <controlfield tag="001">nr 99017226 </controlfield>
  <controlfield tag="003">DLC</controlfield>
  <controlfield tag="005">20120809085617.0</controlfield>
  <controlfield tag="008">990527n| acannaabn          |n aaa     c</controlfield>
  <datafield tag="010" ind1=" " ind2=" ">
    <subfield code="a">nr 99017226 </subfield>
  </datafield>
  <datafield tag="035" ind1=" " ind2=" ">
    <subfield code="a">(Uk)wb015202</subfield>
  </datafield>
  <datafield tag="040" ind1=" " ind2=" ">
    <subfield code="a">Uk-ES</subfield>
    <subfield code="b">eng</subfield>
    <subfield code="c">CU-RivES</subfield>
    <subfield code="d">DLC</subfield>
  </datafield>
  <datafield tag="100" ind1="1" ind2=" ">
    <subfield code="a">Gill,</subfield>
    <subfield code="c">Mrs.</subfield>
  </datafield>
  <datafield tag="667" ind1=" " ind2=" ">
    <subfield code="a">THIS 1XX FIELD CANNOT BE USED UNDER RDA UNTIL THIS RECORD HAS BEEN REVIEWED AND/OR UPDATED</subfield>
  </datafield>
  <datafield tag="667" ind1=" " ind2=" ">
    <subfield code="a">Data provided by the ESTC/BL</subfield>
  </datafield>
  <datafield tag="670" ind1=" " ind2=" ">
    <subfield code="a">Her Advertisement. At the sign of the Blew-Ball in Grays-Inn Passage, next Red-Lyon-Square, near Holbourn, liveth one Mrs. Gill, who after twenty years experience, 1690?</subfield>
  </datafield>
  <datafield tag="670" ind1=" " ind2=" ">
    <subfield code="a">Wing(2nd ed.)</subfield>
    <subfield code="b">(Gill, Mrs.)</subfield>
  </datafield>
</record>